<record><leader>00000cas a2200000Ma 4500</leader><controlfield tag="001">10806330</controlfield><controlfield tag="008">840605d18381839nhuwr ne      0    0eng d</controlfield><controlfield tag="009">330</controlfield><datafield ind1=" " ind2=" " tag="010"><subfield code="a">sn 84023310 </subfield></datafield><datafield ind1=" " ind2=" " tag="040"><subfield code="a">AQM</subfield><subfield code="b">eng</subfield><subfield code="c">AQM</subfield></datafield><datafield ind1="1" ind2=" " tag="029"><subfield code="a">AU@</subfield><subfield code="b">000025822369</subfield></datafield><datafield ind1="0" ind2="0" tag="245"><subfield code="a">White Mountain aegis.</subfield></datafield><datafield ind1=" " ind2=" " tag="260"><subfield code="a">Lancaster, N.H. :</subfield><subfield code="b">A. Perkins &amp; Co.,</subfield><subfield code="c">1838-</subfield></datafield><datafield ind1=" " ind2=" " tag="300"><subfield code="a">v. :</subfield><subfield code="b">ill. (chiefly advertisements) ;</subfield><subfield code="c">69 cm.</subfield></datafield><datafield ind1=" " ind2=" " tag="310"><subfield code="a">Weekly</subfield></datafield><datafield ind1="0" ind2=" " tag="362"><subfield code="a">Vol. 1, no. 1 (May 22, 1838)-</subfield></datafield><datafield ind1="1" ind2=" " tag="362"><subfield code="a">Ceased in 1839.</subfield><subfield code="z">Cf. Amer. newspapers, 1821-1936.</subfield></datafield><datafield ind1=" " ind2=" " tag="500"><subfield code="a">Editor: A. Perkins.</subfield></datafield><datafield ind1=" " ind2=" " tag="500"><subfield code="a">"Whig." Cf. Somers, A.N. Hist. of Lancaster, N.H., 1899.</subfield></datafield><datafield ind1=" " ind2="7" tag="655"><subfield code="a">Newspapers.</subfield><subfield code="2">rbgenr</subfield></datafield><datafield ind1="1" ind2=" " tag="700"><subfield code="a">Perkins, Apollos.</subfield></datafield><datafield ind1=" " ind2=" " tag="752"><subfield code="a">United States</subfield><subfield code="b">New Hampshire</subfield><subfield code="c">Coos</subfield><subfield code="d">Lancaster.</subfield></datafield><datafield ind1="0" ind2="0" tag="785"><subfield code="t">Whig and aegis (Haverhill, N.H.)</subfield><subfield code="w">(DLC)sn 84023311</subfield></datafield></record>